<record xmlns="http://www.loc.gov/MARC21/slim" xmlns:xsi="http://www.w3.org/2001/XMLSchema-instance" xsi:schemaLocation="http://www.loc.gov/MARC21/slim http://www.loc.gov/standards/marcxml/schema/MARC21slim.xsd">

  <leader>00552nam a2200169Ia 4500</leader>
  <datafield ind1=" " ind2=" " tag="999">
    <subfield code="c">140</subfield>
    <subfield code="d">140</subfield>
  </datafield>
  <controlfield tag="008">150730bsf      sp ||||| |||| 00| | spa d</controlfield>
  <datafield tag="020" ind2=" " ind1=" ">
    <subfield code="a">2915605734</subfield>
  </datafield>
  <datafield ind2=" " tag="090" ind1=" ">
    <subfield code="a">08.15.02 </subfield>
    <subfield code="b">1525 (Material perdido)</subfield>
  </datafield>
  <datafield tag="100" ind2=" " ind1="1">
    <subfield code="a">Hanke, Johann Christian</subfield>
    <subfield code="9">609</subfield>
  </datafield>
  <datafield ind1="1" ind2="0" tag="245">
    <subfield code="a">Joomla, un juego de niños: crea y gestiona tu propio sitio web / </subfield>
    <subfield code="c">Johann Christian Hanke</subfield>
  </datafield>
  <datafield tag="260" ind2=" " ind1=" ">
    <subfield code="a">Barcelona :</subfield>
    <subfield code="b"> KnowWare E.U.R.L, </subfield>
    <subfield code="c">s.f</subfield>
  </datafield>
  <datafield ind2=" " tag="300" ind1=" ">
    <subfield code="a">96 páginas</subfield>
  </datafield>
  <datafield ind1=" " ind2=" " tag="500">
    <subfield code="a">Versiones 1.0 a 1.5</subfield>
  </datafield>
  <datafield ind2="4" tag="650" ind1="1">
    <subfield code="a">INTERNET </subfield>
    <subfield code="9">350</subfield>
  </datafield>
  <datafield ind1=" " tag="650" ind2="0">
    <subfield code="a">PROGRAMAS DE COMPUTADORA</subfield>
    <subfield code="9">1302</subfield>
  </datafield>
  <datafield ind2=" " tag="942" ind1=" ">
    <subfield code="2">z</subfield>
    <subfield code="c">01</subfield>
  </datafield>
</record>